@article{greenwade93,
    author  = "George D. Greenwade",
    title   = "The {C}omprehensive {T}ex {A}rchive {N}etwork ({CTAN})",
    year    = "1993",
    journal = "TUGBoat",
    volume  = "14",
    number  = "3",
    pages   = "342--351"
}

@inproceedings{goodfellow2014generative,
  title={Generative adversarial nets},
  author={Goodfellow, Ian and Pouget-Abadie, Jean and Mirza, Mehdi and Xu, Bing and Warde-Farley, David and Ozair, Sherjil and Courville, Aaron and Bengio, Yoshua},
  booktitle={Advances in neural information processing systems},
  pages={2672--2680},
  year={2014}
}

@article{karras2017progressive,
  title={Progressive growing of gans for improved quality, stability, and variation},
  author={Karras, Tero and Aila, Timo and Laine, Samuli and Lehtinen, Jaakko},
  journal={arXiv preprint arXiv:1710.10196},
  year={2017}
}

@article{shrivastava2016learning,
  title={Learning from simulated and unsupervised images through adversarial training},
  author={Shrivastava, Ashish and Pfister, Tomas and Tuzel, Oncel and Susskind, Josh and Wang, Wenda and Webb, Russ},
  journal={arXiv preprint arXiv:1612.07828},
  year={2016}
}

@article{li2017triple,
  title={Triple Generative Adversarial Nets},
  author={Li, Chongxuan and Xu, Kun and Zhu, Jun and Zhang, Bo},
  journal={arXiv preprint arXiv:1703.02291},
  year={2017}
}

@inproceedings{miyato2017spectral,
  title={Spectral Normalization for Generative Adversarial Networks},
  author={Miyato, Takeru and Kataoka, Toshiki and Koyama, Masanori and Yoshida, Yuichi},
  booktitle={ICML Implicit Models Workshop},
  year={2017}
}

@article{isola2016image,
  title={Image-to-image translation with conditional adversarial networks},
  author={Isola, Phillip and Zhu, Jun-Yan and Zhou, Tinghui and Efros, Alexei A},
  journal={arXiv preprint arXiv:1611.07004},
  year={2016}
}

@article{zhu2017unpaired,
  title={Unpaired image-to-image translation using cycle-consistent adversarial networks},
  author={Zhu, Jun-Yan and Park, Taesung and Isola, Phillip and Efros, Alexei A},
  journal={arXiv preprint arXiv:1703.10593},
  year={2017}
}

@article{arjovsky2017wasserstein,
  title={Wasserstein gan},
  author={Arjovsky, Martin and Chintala, Soumith and Bottou, L{\'e}on},
  journal={arXiv preprint arXiv:1701.07875},
  year={2017}
}

@article{berthelot2017began,
  title={Began: Boundary equilibrium generative adversarial networks},
  author={Berthelot, David and Schumm, Tom and Metz, Luke},
  journal={arXiv preprint arXiv:1703.10717},
  year={2017}
}
@article{odena2016conditional,
  title={Conditional image synthesis with auxiliary classifier gans},
  author={Odena, Augustus and Olah, Christopher and Shlens, Jonathon},
  journal={arXiv preprint arXiv:1610.09585},
  year={2016}
}
@inproceedings{salimans2016improved,
  title={Improved techniques for training gans},
  author={Salimans, Tim and Goodfellow, Ian and Zaremba, Wojciech and Cheung, Vicki and Radford, Alec and Chen, Xi},
  booktitle={Advances in Neural Information Processing Systems},
  pages={2234--2242},
  year={2016}
}

@article{gulrajani2017improved,
  title={Improved training of wasserstein gans},
  author={Gulrajani, Ishaan and Ahmed, Faruk and Arjovsky, Martin and Dumoulin, Vincent and Courville, Aaron},
  journal={arXiv preprint arXiv:1704.00028},
  year={2017}
}

@article{lucic2017gans,
  title={Are GANs Created Equal? A Large-Scale Study},
  author={Lucic, Mario and Kurach, Karol and Michalski, Marcin and Gelly, Sylvain and Bousquet, Olivier},
  journal={arXiv preprint arXiv:1711.10337},
  year={2017}
}

@article{xiang2017effects,
  title={On the Effects of Batch and Weight Normalization in Generative Adversarial Networks},
  author={Xiang, Sitao and Li, Hao},
  journal={stat},
  volume={1050},
  pages={22},
  year={2017}
}
