% Encoding: UTF-8

@Article{arjovsky2017wasserstein,
  author  = {Arjovsky, Martin and Chintala, Soumith and Bottou, L{\'e}on},
  title   = {Wasserstein gan},
  journal = {arXiv preprint arXiv:1701.07875},
  year    = {2017},
  file    = {:/home/tobii.intra/mnin/Documents/Wasserstein.pdf:PDF},
  groups  = {GAN variations},
}

@Article{berthelot2017began,
  author  = {Berthelot, David and Schumm, Tom and Metz, Luke},
  title   = {Began: Boundary equilibrium generative adversarial networks},
  journal = {arXiv preprint arXiv:1703.10717},
  year    = {2017},
  file    = {:/home/tobii.intra/mnin/Documents/BEGAN.pdf:PDF},
  groups  = {GAN variations},
}

@Article{fedus2017many,
  author  = {Fedus, William and Rosca, Mihaela and Lakshminarayanan, Balaji and Dai, Andrew M and Mohamed, Shakir and Goodfellow, Ian},
  title   = {Many Paths to Equilibrium: GANs Do Not Need to Decrease aDivergence At Every Step},
  journal = {arXiv preprint arXiv:1710.08446},
  year    = {2017},
  file    = {:/home/tobii.intra/mnin/Documents/2017-10-25_many_paths_to_equilibrium_GANs_do_not_need_to_decrease_a_divergence_at_every_step.pdf:PDF},
  groups  = {GAN theory, Criticism, Good pointers},
}

@InProceedings{goodfellow2014generative,
  author    = {Goodfellow, Ian and Pouget-Abadie, Jean and Mirza, Mehdi and Xu, Bing and Warde-Farley, David and Ozair, Sherjil and Courville, Aaron and Bengio, Yoshua},
  title     = {Generative adversarial nets},
  booktitle = {Advances in neural information processing systems},
  year      = {2014},
  pages     = {2672--2680},
  file      = {:/home/tobii.intra/mnin/Documents/2014_generative-adversarial-nets.pdf:PDF},
  groups    = {GAN theory},
}

@Article{gulrajani2017improved,
  author  = {Gulrajani, Ishaan and Ahmed, Faruk and Arjovsky, Martin and Dumoulin, Vincent and Courville, Aaron},
  title   = {Improved training of wasserstein gans},
  journal = {arXiv preprint arXiv:1704.00028},
  year    = {2017},
  file    = {:/home/tobii.intra/mnin/Documents/2017-05_Improved_Wasserstein.pdf:PDF},
  groups  = {GAN variations},
}

@Article{donahue2016adversarial,
  author  = {Donahue, Jeff and Kr{\"a}henb{\"u}hl, Philipp and Darrell, Trevor},
  title   = {Adversarial feature learning},
  journal = {arXiv preprint arXiv:1605.09782},
  year    = {2016},
  file    = {:/home/tobii.intra/mnin/Documents/2016_adversarial_feature_learning_BiGAN.pdf:PDF},
  groups  = {GAN variations},
}

@Article{karras2017progressive,
  author  = {Karras, Tero and Aila, Timo and Laine, Samuli and Lehtinen, Jaakko},
  title   = {Progressive growing of gans for improved quality, stability, and variation},
  journal = {arXiv preprint arXiv:1710.10196},
  year    = {2017},
  file    = {:/home/tobii.intra/mnin/Documents/2017-10_nvidia_karras2017gan-paper.pdf:PDF},
  groups  = {Promising results, GAN variations, Good pointers},
}

@Article{li2017triple,
  author  = {Li, Chongxuan and Xu, Kun and Zhu, Jun and Zhang, Bo},
  title   = {Triple Generative Adversarial Nets},
  journal = {arXiv preprint arXiv:1703.02291},
  year    = {2017},
  file    = {:/home/tobii.intra/mnin/Documents/2017_triple_GAN.pdf:PDF},
  groups  = {Semi-supervised learning},
}

@Article{lucic2017gans,
  author  = {Lucic, Mario and Kurach, Karol and Michalski, Marcin and Gelly, Sylvain and Bousquet, Olivier},
  title   = {Are GANs Created Equal? A Large-Scale Study},
  journal = {arXiv preprint arXiv:1711.10337},
  year    = {2017},
  file    = {:/home/tobii.intra/mnin/Documents/2017-11-30_are_GANS_created_equal.pdf:PDF},
  groups  = {GAN theory, Criticism},
}

@InProceedings{miyato2017spectral,
  author    = {Miyato, Takeru and Kataoka, Toshiki and Koyama, Masanori and Yoshida, Yuichi},
  title     = {Spectral Normalization for Generative Adversarial Networks},
  booktitle = {ICML Implicit Models Workshop},
  year      = {2017},
  file      = {:/home/tobii.intra/mnin/Documents/2017-spectral-normalization.pdf:PDF},
  groups    = {Promising results},
}

@Article{odena2016conditional,
  author  = {Odena, Augustus and Olah, Christopher and Shlens, Jonathon},
  title   = {Conditional image synthesis with auxiliary classifier gans},
  journal = {arXiv preprint arXiv:1610.09585},
  year    = {2016},
  file    = {:/home/tobii.intra/mnin/Documents/2017-07_odena_diversity_conditional_GANs.pdf:PDF},
  groups  = {GAN variations},
}

@InProceedings{salimans2016improved,
  author    = {Salimans, Tim and Goodfellow, Ian and Zaremba, Wojciech and Cheung, Vicki and Radford, Alec and Chen, Xi},
  title     = {Improved techniques for training gans},
  booktitle = {Advances in Neural Information Processing Systems},
  year      = {2016},
  pages     = {2234--2242},
  file      = {:/home/tobii.intra/mnin/Documents/2016-6125-improved-techniques-for-training-gans.pdf:PDF},
  groups    = {GAN theory, Semi-supervised learning},
}

@Article{shrivastava2016learning,
  author  = {Shrivastava, Ashish and Pfister, Tomas and Tuzel, Oncel and Susskind, Josh and Wang, Wenda and Webb, Russ},
  title   = {Learning from simulated and unsupervised images through adversarial training},
  journal = {arXiv preprint arXiv:1612.07828},
  year    = {2016},
  file    = {:/home/tobii.intra/mnin/Documents/2016_S+U.pdf:PDF},
  groups  = {Image to image, Synthetic data},
}

@Article{xiang2017effects,
  author  = {Xiang, Sitao and Li, Hao},
  title   = {On the Effects of Batch and Weight Normalization in Generative Adversarial Networks},
  journal = {stat},
  year    = {2017},
  volume  = {1050},
  pages   = {22},
  file    = {:/home/tobii.intra/mnin/Documents/2017-12-04_on_the_effects_of_batch_normalization_in_GANs.pdf:PDF},
  groups  = {GAN theory, Criticism},
}

@Article{zhu2017unpaired,
  author  = {Zhu, Jun-Yan and Park, Taesung and Isola, Phillip and Efros, Alexei A},
  title   = {Unpaired image-to-image translation using cycle-consistent adversarial networks},
  journal = {arXiv preprint arXiv:1703.10593},
  year    = {2017},
  file    = {:/home/tobii.intra/mnin/Documents/zhu_cycle_gan.pdf:PDF},
  groups  = {Image to image},
}

@Article{kingma2013auto,
  author  = {Kingma, Diederik P and Welling, Max},
  title   = {Auto-encoding variational bayes},
  journal = {arXiv preprint arXiv:1312.6114},
  year    = {2013},
  file    = {:/home/tobii.intra/mnin/Documents/2014_auto_encoding_variational_bayes.pdf:PDF},
  groups  = {VAE theory},
}

@Article{goodfellow2016nips,
  author  = {Goodfellow, Ian},
  title   = {NIPS 2016 tutorial: Generative adversarial networks},
  journal = {arXiv preprint arXiv:1701.00160},
  year    = {2016},
  file    = {:/home/tobii.intra/mnin/Documents/2016_GAN_NIPS_tutorial.pdf:PDF},
  groups  = {GAN theory, Good pointers},
}

@Article{shuac2017acganisbad,
  author = {Shu, Rui and Bui, Hung and Ermon, Stefano},
  title  = {AC-GAN Learns a Biased Distribution},
  year   = {2017},
  file   = {:/home/tobii.intra/mnin/Documents/2017_AC-GAN_learns_a_biased_distribution.pdf:PDF},
  groups = {Criticism},
}

@InProceedings{mao2017least,
  author       = {Mao, Xudong and Li, Qing and Xie, Haoran and Lau, Raymond YK and Wang, Zhen and Smolley, Stephen Paul},
  title        = {Least squares generative adversarial networks},
  booktitle    = {2017 IEEE International Conference on Computer Vision (ICCV)},
  year         = {2017},
  pages        = {2813--2821},
  organization = {IEEE},
  file         = {:/home/tobii.intra/mnin/Documents/2016_LSGAN.pdf:PDF},
  groups       = {GAN variations},
}

@Article{hjelm2017boundary,
  author  = {Hjelm, R Devon and Jacob, Athul Paul and Che, Tong and Cho, Kyunghyun and Bengio, Yoshua},
  title   = {Boundary-Seeking Generative Adversarial Networks},
  journal = {arXiv preprint arXiv:1702.08431},
  year    = {2017},
  file    = {:/home/tobii.intra/mnin/Documents/2017_05_22_boundary-seeking_GANs.pdf:PDF},
  groups  = {GAN variations},
}

@Article{springenberg2015unsupervised,
  author  = {Springenberg, Jost Tobias},
  title   = {Unsupervised and semi-supervised learning with categorical generative adversarial networks},
  journal = {arXiv preprint arXiv:1511.06390},
  year    = {2015},
  file    = {:/home/tobii.intra/mnin/Documents/2016_04_CatGAN.pdf:PDF},
  groups  = {Semi-supervised learning},
}

@InProceedings{kingma2014semi,
  author    = {Kingma, Diederik P and Mohamed, Shakir and Rezende, Danilo Jimenez and Welling, Max},
  title     = {Semi-supervised learning with deep generative models},
  booktitle = {Advances in Neural Information Processing Systems},
  year      = {2014},
  pages     = {3581--3589},
  file      = {:/home/tobii.intra/mnin/Documents/2014_NIPS_5352-semi-supervised-learning-with-deep-generative-models.pdf:PDF},
  groups    = {Semi-supervised learning, VAE theory},
}

@Article{wuliu2017selftrainsemisup,
  author        = {Alan Do{-}Omri and Dalei Wu and Xiaohua Liu},
  title         = {A Self-Training Method for Semi-Supervised GANs},
  journal       = {CoRR},
  year          = {2017},
  volume        = {abs/1710.10313},
  archiveprefix = {arXiv},
  bibsource     = {dblp computer science bibliography, http://dblp.org},
  biburl        = {http://dblp.org/rec/bib/journals/corr/abs-1710-10313},
  eprint        = {1710.10313},
  file          = {:/home/tobii.intra/mnin/Documents/2017_27_a_self_training_method_for_semi_supervised_GANs.pdf:PDF},
  groups        = {Semi-supervised learning},
  timestamp     = {Thu, 02 Nov 2017 14:25:36 +0100},
  url           = {http://arxiv.org/abs/1710.10313},
}

@InProceedings{patki2016synthetic,
  author       = {Patki, Neha and Wedge, Roy and Veeramachaneni, Kalyan},
  title        = {The Synthetic Data Vault},
  booktitle    = {Data Science and Advanced Analytics (DSAA), 2016 IEEE International Conference on},
  year         = {2016},
  pages        = {399--410},
  organization = {IEEE},
  file         = {:/home/tobii.intra/mnin/Documents/2016_IEEE_the_synthetic_data_vault_files/07796926_002.pdf:PDF},
  groups       = {Synthetic data},
}

@InProceedings{Zhou2012,
  author       = {Zhou, Yan and Kantarcioglu, Murat and Thuraisingham, Bhavani},
  title        = {Self-training with selection-by-rejection},
  booktitle    = {Data Mining (ICDM), 2012 IEEE 12th International Conference on},
  year         = {2012},
  pages        = {795--803},
  organization = {IEEE},
  file         = {:/home/tobii.intra/mnin/Documents/2012_IEEE_zhou_self_training_with_selection_by_rejection.pdf:PDF},
  groups       = {Semi-supervised learning},
}

@Article{tieleman2012lecture,
  author  = {Tieleman, Tijmen and Hinton, Geoffrey},
  title   = {Lecture 6.5-rmsprop: Divide the gradient by a running average of its recent magnitude},
  journal = {COURSERA: Neural networks for machine learning},
  year    = {2012},
  volume  = {4},
  number  = {2},
  pages   = {26--31},
}

@Article{kingma2014adam,
  author  = {Kingma, Diederik and Ba, Jimmy},
  title   = {Adam: A method for stochastic optimization},
  journal = {arXiv preprint arXiv:1412.6980},
  year    = {2014},
}

@Article{doersch2016tutorial,
  author  = {Doersch, Carl},
  title   = {Tutorial on variational autoencoders},
  journal = {arXiv preprint arXiv:1606.05908},
  year    = {2016},
  file    = {:/home/tobii.intra/mnin/Documents/2016_tutorial_on_variational_autoencoders.pdf:PDF},
  groups  = {VAE theory},
}

@InProceedings{pu2016variational,
  author    = {Pu, Yunchen and Gan, Zhe and Henao, Ricardo and Yuan, Xin and Li, Chunyuan and Stevens, Andrew and Carin, Lawrence},
  title     = {Variational autoencoder for deep learning of images, labels and captions},
  booktitle = {Advances in Neural Information Processing Systems},
  year      = {2016},
  pages     = {2352--2360},
  file      = {:/home/tobii.intra/mnin/Documents/2016_nips_variational_autoencoder_for_deep_learning_of_images_labels_and_captions.pdf:PDF},
  groups    = {VAE theory, Semi-supervised learning},
}

@Comment{jabref-meta: databaseType:bibtex;}

@Comment{jabref-meta: grouping:
0 AllEntriesGroup:;
1 StaticGroup:Image to image\;0\;1\;\;\;Image to image models\;;
1 StaticGroup:VAE theory\;0\;1\;\;\;\;;
1 StaticGroup:GAN theory\;0\;1\;\;\;\;;
1 StaticGroup:Promising results\;0\;1\;\;\;\;;
1 StaticGroup:GAN variations\;0\;1\;\;\;\;;
1 StaticGroup:Criticism\;0\;1\;\;\;\;;
1 StaticGroup:Semi-supervised learning\;0\;1\;\;\;\;;
1 StaticGroup:Good pointers\;0\;1\;\;\;\;;
1 StaticGroup:Synthetic data\;0\;1\;\;\;\;;
}
